@case{astrazeneca,
title={AstraZeneca Ltd v Comerce Commission},
origdate={2009},
venue={NZSC},
number={92},
}

@case{z,
title = {Z v Dental Complaints Assessment Committee},
origdate = {2008},
court = {NZSC},
number = {55},
year ={2009},
volume = {1},
series = {NZLR},
pages = {1},
}

@case{taylor,
title = {Taylor v New Zealand Poultry Board},
year ={1984},
volume = {1},
series = {NZLR},
pages = {394},
venue = {CA},
}

@case{baigents,
title = {Simpson v Attorney-General},
year = {1994},
volume = {3},
series = {NZLR},
pages = {667},
venue = {CA},
shorttitle = {Baigent's case},
}

@case{peterson,
title = {Peterson v Commissioner of Inland Revenue},
year = {2005},
volume = {22},
series = {NZTC},
pages = {\num{19098}},
venue = {PC},
type = {round},
}

@case{zohrab,
title = {Zohrab v Fuller},
year = {1884},
volume = {3},
series = {NZLR},
venue = {SC},
pages = {210},
type = {old},
}

@case{blacker,
title = {Blacker v National Australis Bank Ltd},
origdate = {2001},
year = {2001},
venue = {FCA},
number = {254},
volume = {23},
type = {round},
series = {ATPR},
pages = {\textparagraph41- 817},
}

@case{mafart,
title = {Mafart v Television New Zealand Ltd},
origdate = {2006},
venue = {NZSC},
number = {33},
year = {2006},
volume = {3},
series = {NZLR},
pages = {18},
}

@case{foodstuffs,
title = {Foodstuffs (Auckland) Ltd v Commerce Commission},
year = {2002},
volume = {1},
series = {NZLR},
pages = {353},
venue = {CA},
}

@case{foodstuffs1,
title = {Foodstuffs (Auckland) Ltd v Commerce Commission},
origdate = {2002},
venue = {UKPC},
number = {25},
year = {2004},
volume = {1},
series = {NZLR},
pages = {145},
}

@case{reekie,
title = {R v Reekie},
number = {CA339/03},
date = {2004-08-03},
type = {unreported},
}

@case{tuhou,
title = {R v Tuhou},
venue = {HC},
location = {Napier},
number = {CRI-2007-020-2820},
date = {2008-09-11},
type = {unreported},
}

@case{craig,
title = {Craig v Kira},
location = {Wainui 2F4D},
year = {2006},
file = {7 Whangarei Appellate MB 1},
note = {7 APWH 1},
type = {maori},
}


@statute{gaming,
title = {Gaming Duties Act},
year = {1971},
}

@statute{terror,
title = {Counter-Terrorism Act},
year = {2008},
location = {UK},
}

@statute{distillation,
title = {Distillation Prohibition Ordinance},
year = {1841},
note = {4 Vict},
number = {5},
}

@bill{evidence,
title={Evidence Bill},
year = {2005},
number = {256-1},
file = {79},
eventdate={2006},
note = {explanatory note},
}

@bill{judicialex,
title = {Judicial Matters Bill},
year = {2008},
number = {216-1},
note = {explanatory note},
}

@bill{judicial,
title = {Judicial Matters Bill},
year = {2008},
number = {216-1},
}

@regulations{costs,
title = {Costs in Criminal Cases Regulations},
year = {1987},
}

@hansard{hansard,
title= {NZPD},
date = {2005-04-06},
volume = {624},
}
